@article{Amini12,
   author = {Amini, Ami R and Laurencin, Cato T and Nukavarapu, Syam P},
   title = {Differential analysis of peripheral blood‐and bone marrow‐derived endothelial progenitor cells for enhanced vascularization in bone tissue engineering},
   journal = {Journal of Orthopaedic Research},
   volume = {30},
   number = {9},
   pages = {1507-1515},
   ISSN = {1554-527X},
   year = {2012},
   type = {Journal Article}
}
@article{Eurotransplant17,
    title={Statistical Report 2017},
    author={Eurotransplant},
    year={2017},
    journal={statistics.eurotransplant.org}
}
@article{Bajpai12,
   author = {Bajpai, Vivek K and Andreadis, Stelios T},
   title = {Stem cell sources for vascular tissue engineering and regeneration},
   journal = {Tissue Engineering Part B: Reviews},
   volume = {18},
   number = {5},
   pages = {405-425},
   ISSN = {1937-3368},
   year = {2012},
   type = {Journal Article}
}
@article{Falcone93,
   author = {Falcone, Domenick J and McCaffrey, Timothy A and Haimovitz‐Friedman, Adriana and Garcia, Michelle},
   title = {Transforming growth factor‐β1 stimulates macrophage urokinase expression and release of matrix‐bound basic fibroblast growth factor},
   journal = {Journal of cellular physiology},
   volume = {155},
   number = {3},
   pages = {595-605},
   ISSN = {1097-4652},
   year = {1993},
   type = {Journal Article}
}
@incollection{Davis11,
   author = {Davis, George E and Stratman, Amber N and Sacharidou, Anastasia and Koh, Wonshill},
   title = {Molecular basis for endothelial lumen formation and tubulogenesis during vasculogenesis and angiogenic sprouting},
   booktitle = {International review of cell and molecular biology},
   publisher = {Elsevier},
   volume = {288},
   pages = {101-165},
   ISBN = {1937-6448},
   year = {2011},
   type = {Book Section}
}

@article{Carpenter79,
   author = {Carpenter, Graham and Cohen, Stanley},
   title = {Epidermal growth factor},
   journal = {Annual review of biochemistry},
   volume = {48},
   number = {1},
   pages = {193-216},
   ISSN = {0066-4154},
   year = {1979},
   type = {Journal Article}
}
@misc{website:chick,
      author = {KDS4444},
      title = {Chicken egg diagram.svg},
      month = {May},
      year = {2017, accessed 2018-05-23},
      url = {https://commons.wikimedia.org/wiki/
      File:Chicken\_egg\_diagram.svg}
}
